@misc{DipPortal,
  author       = {{Budapesti Műszaki és Gazdaságtudományi Egyetem Villamosmérnöki és Informatikai Kar}},
  howpublished = {\url{http://diplomaterv.vik.bme.hu/}},
  title        = {Diplomaterv portál (2011. február 26.)},
  year         = {2011}
}

@InBook{Fraden2016,
  author    = {Fraden, Jacob},
  pages     = {69--154},
  publisher = {Springer International Publishing},
  title     = {Physical Principles of Sensing},
  year      = {2016},
  isbn      = {9783319193038},
  booktitle = {Handbook of Modern Sensors},
  doi       = {10.1007/978-3-319-19303-8_4},
}

@InBook{Fraden2016a,
  author    = {Fraden, Jacob},
  pages     = {335--377},
  publisher = {Springer International Publishing},
  title     = {Presence, Displacement, and Level},
  year      = {2016},
  isbn      = {9783319193038},
  booktitle = {Handbook of Modern Sensors},
  doi       = {10.1007/978-3-319-19303-8_8},
}

@InBook{Fraden2016b,
  author    = {Fraden, Jacob},
  pages     = {379--411},
  publisher = {Springer International Publishing},
  title     = {Velocity and Acceleration},
  year      = {2016},
  isbn      = {9783319193038},
  booktitle = {Handbook of Modern Sensors},
  doi       = {10.1007/978-3-319-19303-8_9},
}

@Article{Alphonsus2016,
  author    = {Alphonsus, Ephrem Ryan and Abdullah, Mohammad Omar},
  journal   = {Renewable and Sustainable Energy Reviews},
  title     = {A review on the applications of programmable logic controllers (PLCs)},
  year      = {2016},
  issn      = {1364-0321},
  month     = jul,
  pages     = {1185--1205},
  volume    = {60},
  doi       = {10.1016/j.rser.2016.01.025},
  publisher = {Elsevier BV},
}

@InBook{Morris2016a,
  author    = {Morris, Alan S. and Langari, Reza},
  pages     = {565--598},
  publisher = {Elsevier},
  title     = {Translational Motion, Vibration, and Shock Measurement},
  year      = {2016},
  isbn      = {9780128008843},
  booktitle = {Measurement and Instrumentation},
  doi       = {10.1016/b978-0-12-800884-3.00019-8},
}

@InBook{Morris2016b,
  author    = {Morris, Alan S. and Langari, Reza},
  pages     = {599--632},
  publisher = {Elsevier},
  title     = {Rotational Motion Transducers},
  year      = {2016},
  isbn      = {9780128008843},
  booktitle = {Measurement and Instrumentation},
  doi       = {10.1016/b978-0-12-800884-3.00020-4},
}

@Misc{hevesgep,
  author    = {Hevesgép},
  note      = {2024 November 18.-án importálva},
  title     = {Fix szálastakarmány felszedő},
  timestamp = {2024-11-18},
  url       = {https://hevesgep.hu/termek/ge-fix-szalas-takarmany-felszedo/},
}

@Article{Lutz2010,
  author    = {Lutz, Wolfgang and KC, Samir},
  journal   = {Philosophical Transactions of the Royal Society B: Biological Sciences},
  title     = {Dimensions of global population projections: what do we know about future population trends and structures?},
  year      = {2010},
  issn      = {1471-2970},
  month     = sep,
  number    = {1554},
  pages     = {2779--2791},
  volume    = {365},
  doi       = {10.1098/rstb.2010.0133},
  publisher = {The Royal Society},
}

@Article{Lawrence2014,
  author    = {Lawrence, Deborah and Vandecar, Karen},
  journal   = {Nature Climate Change},
  title     = {Effects of tropical deforestation on climate and agriculture},
  year      = {2014},
  issn      = {1758-6798},
  month     = dec,
  number    = {1},
  pages     = {27--36},
  volume    = {5},
  doi       = {10.1038/nclimate2430},
  publisher = {Springer Science and Business Media LLC},
}

@InBook{Morris2016,
  author    = {Morris, Alan S. and Langari, Reza},
  pages     = {375--405},
  publisher = {Elsevier},
  title     = {Sensor Technologies},
  year      = {2016},
  isbn      = {9780128008843},
  booktitle = {Measurement and Instrumentation},
  doi       = {10.1016/b978-0-12-800884-3.00013-7},
}

@Comment{jabref-meta: databaseType:bibtex;}
